@book{hia,
    title = "Techniques and Applications of Hyperspectral Image Analysis",
    author = "Hans F. Grahn (Paul Geladi)",
    publisher = "WILEY",
    year = 2007
}

%dette er for lys i vann
@INPROCEEDINGS{4209801, 
author={A. Yamashita and M. Fujii and T. Kaneko}, 
booktitle={Proceedings 2007 IEEE International Conference on Robotics and Automation}, 
title={Color Registration of Underwater Images for Underwater Sensing with Consideration of Light Attenuation}, 
year={2007}, 
volume={}, 
number={}, 
pages={4570-4575}, 
keywords={computer vision;image colour analysis;image registration;light absorption;color registration;underwater images;underwater sensing;light attenuation;object color;underwater environment;light intensity;underwater robots;image processing;computer vision;Optical attenuators;Colored noise;Optical refraction;Cameras;Working environment noise;Shape measurement;Robot vision systems;Image processing;Robot sensing systems;Image recognition;underwater sensing;color registration;light attenuation;computer vision;image processing}, 
doi={10.1109/ROBOT.2007.364183}, 
ISSN={1050-4729}, 
month={April},}


Development of hyperspectral imaging as a bio-optical taxonomic tool for pigmented marine organisms - geir

(Volent et al. 2007, 2009)

(https://www.statista.com/statistics/282732/global-production-of-plastics-since-1950/)

https://wedocs.unep.org/bitstream/handle/20.500.11822/25398/WED%20Messaging%20Two-Page%2027April.pdf?sequence=12&isAllowed=y

Kanehiro et al. (1995)

(Bugoni et al., 2001, Duguy et al., 1998)

(Zitko and Hanlon, 1991)

(Ryan et al., 1988, Lee et al., 2001)

(Human exposure to bisphenol A (BPA))

(Environmental implications of plastic debris in marine settings-entanglement, ingestion, smothering, hangers-on, hitch-hiking and alien invasions Murray R. Gregory)

(http://www.pnas.org/content/113/9/2430)

The pollution of the marine environment by plastic debris: a review Jose G.B. Derraik *

Evidence that the Great Pacific Garbage Patch is rapidly accumulating plastic 2018, L. Lebreton1,2, B. Slat1, F. Ferrari1

BASIC HYPER SPECTRAL IMAGING F. SIGERNES

G. Vane, ed., Imaging Spectroscopy II, Proc. SPIE 834, 1988.

W.L. Wolfe, Introduction to Imaging Spectrometers, Vol. TT25 of Tutorial Text Series, SPIE Press, Bellingham, Wash., pp. 1-147, 1997.

Bert: http://journals.sagepub.com/doi/pdf/10.1255/jnirs.1212